@article{Navigli,
	title={Word sense disambiguation: A survey},
	author={Navigli, Roberto},
	journal={ACM computing surveys (CSUR)},
	volume={41},
	number={2},
	pages={10},
	year={2009},
	publisher={ACM}
}
